<record><leader>00000cas a2200000 a 4500</leader><controlfield tag="001">9775730</controlfield><controlfield tag="008">830804d18951897ohudr ne      0   a0eng d</controlfield><controlfield tag="009">9</controlfield><datafield ind1=" " ind2=" " tag="010"><subfield code="a">sn 87076632 </subfield></datafield><datafield ind1=" " ind2=" " tag="040"><subfield code="a">BGU</subfield><subfield code="b">eng</subfield><subfield code="c">BGU</subfield><subfield code="d">ONP</subfield><subfield code="d">OCL</subfield></datafield><datafield ind1=" " ind2=" " tag="042"><subfield code="a">msc</subfield></datafield><datafield ind1=" " ind2=" " tag="043"><subfield code="a">n-us-oh</subfield></datafield><datafield ind1="0" ind2=" " tag="130"><subfield code="a">Daily Republican (Defiance, Ohio)</subfield></datafield><datafield ind1="0" ind2="0" tag="245"><subfield code="a">Daily Republican.</subfield></datafield><datafield ind1=" " ind2=" " tag="260"><subfield code="a">Defiance, Ohio :</subfield><subfield code="b">C.J. Thompson,</subfield><subfield code="c">1895-1897.</subfield></datafield><datafield ind1=" " ind2=" " tag="300"><subfield code="a">v. :</subfield><subfield code="b">ill. ;</subfield><subfield code="c">58 cm. or smaller.</subfield></datafield><datafield ind1="0" ind2=" " tag="362"><subfield code="a">Vol. 2, no. 178 (Dec. 2, 1895)-v. 4, no. 113 (Sept. 20, 1897).</subfield></datafield><datafield ind1=" " ind2=" " tag="752"><subfield code="a">United States</subfield><subfield code="b">Ohio</subfield><subfield code="c">Defiance</subfield><subfield code="d">Defiance.</subfield></datafield><datafield ind1="0" ind2="0" tag="780"><subfield code="t">Daily Republican express</subfield><subfield code="w">(DLC)sn 90068882</subfield></datafield><datafield ind1="0" ind2="0" tag="785"><subfield code="t">Daily express (Defiance, Ohio)</subfield><subfield code="w">(DLC)sn 91069834</subfield></datafield></record>